@ARTICLE{Jaceketal2017,
  author  = {Jacek, R. and Beata, F. and Aleksandra, C. and Anna, G.},
  title       = {The Effect of Diet on the Survival of Patients with Chronic Kidney Disease},
  journal  = {Nutrients}, 
  volume  = {9(5)},
  year       = {2017},
  pages    = {495},
  howpublished = "\url{https://doi.org/10.3390/nu9050495}",
}

@ARTICLE{Jaimonetal2017,
  author  = {Jaimon, T. K. and Suetonia, C. P. and Shu, N. W. and Marinella, R. and Juan-Jesus, C. and Katrina, L. C. and Giovanni F. M.},
  title       = {Healthy Dietary Patterns and Risk of Mortality and ESRD in CKD: A Meta-Analysis of Cohort Studies},
  journal  = {CJASN}, 
  volume  = {12(2)},
  year       = {2017},
  pages    = {272-279}
}

@ARTICLE{Fernandez-Pradoetal2017,
  author  = {Fernandez-Prado, R. and Esteras, R. and Perez-Gomez, M. V. and Gracia-Iguacel, C. and Gonzalez-Parra, E. and  Sanz, A. B. and Ortiz, A. and Sanchez-Nino, M. D.},
  title       = {Nutrients Turned into Toxins: Microbiota Modulation of Nutrient Properties in Chronic Kidney Disease},
  journal  = {Nutrients}, 
  volume  = {9(5)},
  year       = {2017},
  pages    = {489},
  howpublished = "\url{https://www.ncbi.nlm.nih.gov/pmc/articles/PMC5452219/}",
}

@ARTICLE{Hsuetal2013,
  author  = {Hsu, Y. H. and Pai, H. C. and Chang, Y. M. and Liu, W. H. and  Hsu, C. C.},
  title       = {Alcohol consumption is inversely associated with stage 3 chronic kidney disease in middle-aged Taiwanese men},
  journal  = {BMC nephrology}, 
  volume  = {14},
  year       = {2013},
  pages    = {254},
  howpublished = "\url{http://doi:10.1186/1471-2369-14-254}",
}

@ARTICLE{RippeAngelopoulos2016,
  author  = {Rippe, J. M. and  Angelopoulos, T. J.},
  title       = {Relationship between Added Sugars Consumption and Chronic Disease Risk Factors: Current Understanding},
  journal  = {Nutrients}, 
  volume  = {8(11)},
  year       = {2016},
  pages    = {697}
}

@ARTICLE{KaraliusShoham2013,
  author  = {Karalius, V. P. and Shoham, D. A.},
  title       = {Dietary sugar and artificial sweetener intake and chronic kidney disease: a review},
  journal  = {Adv Chronic Kidney Dis.}, 
  volume  = {20},
  year       = {2013},
  pages    = {157–164}
}



@misc{Jilian2018,
  author = {Jilian k},
  title  = {The 20 Best Foods for People With Kidney Problems},
  howpublished = "\url{https://www.healthline.com/nutrition/best-foods-for-kidneys}",
  year = {2018}
}

@misc{NKF2019,
  author = {NKF},
  title  = {National Kidney Foundation (NKF), USA. Drinking Alcohol Affects Your Kidneys},
  howpublished = "\url{https://www.kidney.org/news/kidneyCare/winter10/AlcoholAffects}",
  year = {2019}
}

@ARTICLE{Ueharaetal2016,
  author = {Uehara, S. and Hayashi, T. and Kogawa, S. K. and Kinuhata, S. and Shibata, M. and Oue, K. and Hashimoto, K.},
  title  = {Relationship Between Alcohol Drinking Pattern and Risk of Proteinuria: The Kansai Healthcare Study},
  journal={Journal of epidemiology},
  volume = {26(9)},
  year = {2016},
  pages = {464–470}
}

@ARTICLE{Nettletonetal2008,
  author  = {Nettleton, J. A. and Steffen, L. M. and Palmas, W. and Burke, G. L. and  Jacobs, D. R.},
  title       = {Associations between micro albuminuria and animal foods, plant foods, and dietary patterns in the Multiethnic Study of Atherosclerosis},
  journal  = {The American journal of clinical nutrition}, 
  volume  = {87(6)},
  year       = {2008},
  pages    = {1825–1836}
}

@ARTICLE{Jacobsetal2009,
  author  = {Jacobs, D. R. and Jr, Gross, M. D. and Steffen, L. and  Steffes, M. W. and Yu, X. and Svetkey, L. P. and  Sacks, F.},
  title       = {The effects of dietary patterns on urinary albumin excretion: results of the Dietary Approaches to Stop Hypertension (DASH) Trial},
  journal  = {American journal of kidney diseases : the official journal of the National Kidney Foundation}, 
  volume  = {53(4)},
  year       = {2009},
  pages    = {638–646}
}

@misc{Hannan2019,
  author = {Hannah, N.},
  title  = {What are the leading causes of death in the US?},
  howpublished = "\url{https://www.medicalnewstoday.com/articles/282929.php}",
  year = {2019}
}

@ARTICLE{Chenetal2016,
  author  = {Chen, X. and Wei, G. and Jalili, T. and Metos, J. and Giri, A. and Cho, M.E. and  Boucher, R. and Greene, T. and Beddhu, S.},
  title       = {The associations of plant protein intake with all-cause mortality in CKD},
  journal  = {Am J Kidney Dis}, 
  volume  = {67(3)},
  year       = {2016},
  pages    = {423–430}
}

@ARTICLE{Gutierreztal2014,
  author  = {Gutierrez, O. M. and Muntner, P. and Rizk, D. V. and McClellan, W. M. and Warnock, D. G. and Newby, P. K. and Judd, S. E.},
  title       = {Dietary patterns and risk of death and progression to ESRD in individuals with CKD: A cohort study},
  journal  = {Am J Kidney Dis}, 
  volume  = {64(2)},
  year       = {2014},
  pages    = {204–213}
}



@ARTICLE{Huangetal2013,
  author  = {Huang, X. and Jime nez-Moleo, J. J. and Lindholm, B. and Cederholm, T. and Arnoldv, J. and Rise rus, U. and Sjogren, P. and Carrero, J. J.},
  title       = {Mediterranean diet, kidney function, and mortality in men with CKD},
  journal  = {Clin J Am Soc Nephrol}, 
  volume  = {8(9)},
  year       = {2013},
  pages    = {1548–1555}
}

@ARTICLE{Muntneretal2013,
  author  = {Muntner, P. and Judd, S. E. and Gao, L. and Gutierrez, O. M. and Rizk, D. V. and McClellan, W. and Cushman, M. and Warnock, D. G. },
  title       = {Cardiovascular risk factors in CKD associated with both ESRD and mortality},
  journal  = {J Am Soc Nephrol}, 
  volume  = {24(7)},
  year       = {2013},
  pages    = {1159–1165}
}

@ARTICLE{Ricardoetal2013,
  author  = {Ricardo, A. C. and Madero, M. and Yang, W. and Anderson, C. and Menezes, M. and Fischer, M. J. and Turyk, M. and Daviglus, M. L. and Lash, J. P.},
  title       = {Adherence to a healthy lifestyle and all-cause mortality in CKD},
  journal  = {Clin J Am Soc Nephrol}, 
  volume  = {8(4)},
  year       = {2013},
  pages    = {602–609}
}

@ARTICLE{Tsuruyaetal2015,
  author  = {Tsuruya, K. and Fukuma, S. and Wakita, T. and Ninomiya, T. and Nagata, M. and Yoshida, H. and Fujimi, S. and Kiyohara, Y. and Kitazono, T. and Uchida, K. and Shirota, T. and Akizawa, T. and Akiba, T. and Saito, A., Fukuhara, S.},
  title       = {Dietary patterns and clinical outcomes in hemodialysis patients in Japan. A cohort study},
  journal  = {PLoS One}, 
  volume  = {10},
  year       = {2015},
  pages    = {}
}

@ARTICLE{Ricardoetal2015,
  author  = {Ricardo, A. C. and Anderson, C. A. and Yang, W. and Zhang, X. and Fischer, M. J. and Dember, L. M. and Fink, J. C. and Frydrych, A. and Jensvold, N. G. and Lustigova, E. and Nessel, L. C. and Porter, A. C. and Rahman, M. and Wright, N. J. A. and Daviglus, M. L. and Lash, J. P.},
  title       = {CRIC Study Investigators: Healthy lifestyle and risk of kidney disease progression, atherosclerotic events, and death in CKD: Findings from the Chronic Renal Insufficiency Cohort (CRIC) Study},
  journal  = {Am J Kidney Dis}, 
  volume  = {65(3)},
  year       = {2015},
  pages    = {412–424}
}

@misc{Health2015,
  author = {Health.gov},
  title  = {Shifts Needed to Align With Healthy Eating Patterns.},
  howpublished = "\url{https://health.gov/dietaryguidelines/2015/guidelines/chapter-2/a-closer-look-at-current-intakes-and-recommended-shifts/}",
  year = {2015}
}

@misc{CDC2015,
  author = {CDC},
  title  = {National Health and Nutrition Examination Survey},
  howpublished = "\url{https://wwwn.cdc.gov/nchs/nhanes/search/datapage.aspx?Component=Dietary}",
  year = {2015-2016}
}

@misc{ARS2016,
  author = {ARS},
  title  = {Agricultural Research Service (ARS), USDA. Food Code Numbers and the Food Coding Scheme},
  howpublished = "\url{https://reedir.arsnet.usda.gov/codesearchwebapp/\(gcp3kq55ssdyc445ry2k2rus\)/coding\_scheme.pdf}",
  year = {2016}
}

@misc{USDA2010,
  author = {USDA},
  title  = {The U.S. Department of Agriculture’s (USDA). Vegetable Subgroups},
  howpublished = "\url{http://www.cn.nysed.gov/common/cn/files/Vegetable\%20Subgroups.pdf}",
  year = {2010}
}

@misc{CDC2004,
  author = {CDC},
  title  = {Centers for Disease Control and Prevention. Key Concepts About the USDA Food Coding Scheme},
  howpublished = "\url{https://www.cdc.gov/nchs/tutorials/Dietary/SurveyOrientation/ResourceDietaryAnalysis/Info2.htm}",
  year = {2003-2004}
}


@misc{USRDS2015,
  author = {USRDS},
  title  = {The 2018 USRDS Annual Data Report Reference Tables},
  howpublished = "\url{https://www.usrds.org/reference.aspx}",
  year = {2018}
}

@misc{USRDS2018,
  author = {USRDS},
  title  = {The 2018 USRDS Annual Data Report Reference Tables. 2018 ADR Chapters},
  howpublished = "\url{https://www.usrds.org/2018/view/Default.aspx}",
  year = {2018}
}

@misc{USRDSAnnual2018,
  author = {USRDS},
  title  = {2018 USRDS Annual Data Report: Executive Summary},
  howpublished = "\url{https://www.usrds.org/2018/download/v1\_00\_ExecSummary\_18.pdf}",
  year = {2018}
}

@misc{Bloomberg2019,
  author = {Tatiana, D. and Jennifer, J.},
  title  = {Trump Targets Dialysis, Kidney Transplants in Care Overhaul},
  howpublished = "\url{https://www.bloomberg.com/news/articles/2019-07-09/dialysis-providers-fall-on-report-trump-is-mulling-an-overhaul}",
  year = {2019}
}

@misc{Choosemyplate2015,
  author = {Tatiana, D. and Jennifer, J.},
  title  = {WHAT ARE SOLID FATS},
  howpublished = "\url{https://www.choosemyplate.gov/what-are-solid-fats}",
  year = {2015}
}




@ARTICLE{Fortunato2010,
  author  = {Fortunato, S.},
  title   = {---Community detection in graphs},
  journal = {Phys. Rep.-Rev. Sec. Phys. Lett.}, 
  volume  = {486},
  year    = {2010},
  pages   = {75-174}
}